@book{latexcompanion,
    author = "Goossens, Michel and Mittlebach, Frank",
    title = "The Latex Companion",
    year = "1993",
    publisher = "Addison-Wesley",
    address = "Reading, Massachusetts",
    edition = {2}
}

@book{siteduzero,
author = "Maguis, No\Â¨el-Arnaud",
title = "R\'edigez des documents de qualit\'e avec \LaTeX",
year = "2010",
publisher = "SimpleIT"
}

@book{framabook,
    author = "Lozano, Vincent",
    title = "Tout ce que vous avez toujours voulu savoir sur LATEX sans jamais oser le demander",
    year = "2008",
    publisher = "In Libro Veritas"
}

@misc{wikibooksbeamer,
  title = "{WikiBooks LaTeX/Presentations}",
  note = "\url{https://en.wikibooks.org/wiki/LaTeX/Presentations}"
}

@misc{tikzandpgfexamples,
  title = "{TikZ and PGF Examples sut TEXample.net}",
  note = "\url{http://www.texample.net/tikz/examples/}"
}
